@book{mascelli:1965,
    author       = {Joseph Mascelli},
    title        = {The Five C's of Cinematography},
    publisher    = {Silman-James Press},
    year         = {1965}
}

@book{arijon:1976,
    author       = {Daniel Arijon},
    title        = {Grammar of the Film Language},
    publisher    = {Hastings House Publishers},
    year         = {1976}
}

@book{bartels:1987,
    author       = {Richard H. Bartels AND John C. Beatty AND Brian A. Barsky},
    title        = {An Introduction to Splines for use in Computer Graphics \& Geometric Modeling},
    publisher    = {Morgan Kaufmann Publishers},
    year         = {1987}
}

@book{thrun:2005,
    author       = {Sebastian Thrun AND Wolfram Burgard AND Dieter Fox},
    title        = {Probabilistic Robotics},
    publisher    = {MIT Press},
    year         = {2005}
}

@book{cormen:2009,
    author       = {Thomas H. Cormen AND Charles E. Leiserson AND Ronald L. Rivest AND Clifford Stein},
    title        = {Introduction to Algorithms, Third Edition},
    publisher    = {MIT Press},
    year         = {2009}
}

@book{furukawa:2015,
    author       = {Yasutaka Furukawa AND Carlos Hernandez},
    title        = {Multi-View Stereo: A Tutorial},
    publisher    = {Now Publishers},
    year         = {2015}
}



@article{goshtasby:1990,
    author       = {Ardeshir Goshtasby AND Fuhua Cheng AND Brian A. Barsky},
    title        = {B-spline curves and surfaces viewed as digital filters},
    journal      = {Computer Vision, Graphics, and Image Processing},
    volume       = {52},
    number       = {2},
    year         = {1990}
}

@book{katz:1991,
    author       = {Steven D. Katz},
    title        = {Film Directing Shot by Shot},
    publisher    = {Butterworth Publishers},
    year         = {1991}
}

@book{boyd:2004,
    author       = {Stephen Boyd AND Lieven Vandenberghe},
    title        = {Convex Optimization},
    publisher    = {Cambridge University Press},
    year         = {2004}
}

@book{kaplan:2006,
    author       = {Elliot Kaplan AND Christopger Hegarty},
    title        = {Understanding {GPS}: Principles and Applications},
    publisher    = {Artec House},
    year         = {2006}
}

@book{parent:2007,
    author       = {Rick Parent},
    title        = {Computer Animation: Algorithms and Techniques},
    publisher    = {Morgan Kaufmann Publishers},
    year         = {2007}
}



@incollection{krause:2014,
    author       = {Andreas Krause AND Daniel Golovin},
    title        = {Submodular Function Maximization},
    booktitle    = {Tractability: Practical Approaches to Hard Problems},
    publisher    = {Cambridge University Press},
    year         = {2014}
}



@article{shin:1985,
    author       = {Kang G. Shin AND Niel D. McKay},
    title        = {Minimum-Time Control of Robotic Manipulators with Geometric Path Constraints},
    journal      = {Transactions on Automatic Control},
    volume       = {30},
    number       = {6},
    year         = {1985}
}

@article{slotine:1989,
    author       = {J.-J. E. Slotine AND H. S. Yang},
    title        = {Improving the Efficiency of Time-Optimal Path-Following Algorithms},
    journal      = {Transactions on Robotics and Automation},
    volume       = {5},
    number       = {1},
    year         = {1989}
}

@article{dahl:1990,
    author       = {Ola Dahl AND Lars Nielsen},
    title        = {Torque-Limited Path Following by On-Line Trajectory Time Scaling},
    journal      = {Transactions on Robotics and Automation},
    volume       = {6},
    number       = {5},
    year         = {1990}
}

@article{guenter:1990,
    author       = {Brian Guenter AND Richard Parent},
    title        = {Motion Control: Computing the Arc Length of Parametric Curves},
    journal      = {Computer Graphics Applications},
    volume       = {10},
    number       = {3},
    year         = {1990}
} 

@article{tarabanis:1995,
    author       = {Konstantinos A. Tarabanis AND Peter K. Allen AND Roger Y. Tsai},
    title        = {A Survey of Sensor Planning in Computer Vision},
    journal      = {Transactions on Robotics and Automation},
    volume       = {11},
    number       = {1},
    year         = {1995}
}

@article{betts:1998,
    author       = {John T. Betts},
    title        = {A Survey of Numerical Methods for Trajectory Optimization}, 
    journal      = {Journal of Guidance, Control, and Dynamics},
    volume       = {21},
    number       = {2},
    year         = {1998}
}

@article{nieuwstadt:1998,
    author       = {Michiel J. van Nieuwstadt AND Richard M. Murray},
    title        = {Real Time Trajectory Generation for Differentially Flat Systems}, 
    journal      = {International Journal of Robust \& Nonlinear Control},
    volume       = {8},
    number       = {11},
    year         = {1998}
}

@article{wood:2000,
    author       = {Daniel N. Wood AND Daniel I. Azuma AND Ken Aldinger AND Brian Curless AND Tom Duchamp AND David H. Salesin AND Werner Stuetzle},
    title        = {Surface Light Fields for {3D} Photography},
    journal      = {Transactions on Graphics (Proc.~SIGGRAPH 2000)},
    volume       = {35},
    number       = {1},
    year         = {2000}
}

@article{faiz:2001,
    author       = {Nadim Faiz AND Sunil Agrawal AND Richard Murray},
    journal      = {Journal of Guidance, Control, and Dynamics},
    title        = {Differentially Flat Systems with Inequality Constraints: An Approach to Real-Time Feasible Trajectory Generation}, 
    volume       = {24},
    number       = {2},
    year         = {2001}
}

@article{gill:2002,
    author       = {Philip E. Gill AND Walter Murray AND Michael A. Saunders},
    journal      = {SIAM Journal on Optimization},
    title        = {{SNOPT}: An {SQP} Algorithm for Large-Scale Constrained Optimization}, 
    volume       = {12},
    number       = {4},
    year         = {2002}
}

@article {fang:2003,
    author       = {Anthony C. Fang AND Nancy S. Pollard},
    title        = {Efficient Synthesis of Physically Valid Human Motion},
    journal      = {Transactions on Graphics (Proc.~SIGGRAPH 2003)},
    volume       = {22},
    number       = {3},
    year         = {2003}
}

@article{scott:2003,
    author       = {William R. Scott AND Gerhard Roth AND Jean-Francois Rivest},
    title        = {View Planning for Automated Three-Dimensional Object Reconstruction and Inspection},
    journal      = {Computing Surveys},
    volume       = {35},
    number       = {1},
    year         = {2003}
}

@article {popovic:2003,
    author       = {Jovan Popovic AND Steven M. Seitz AND Michael Erdmann},
    title        = {Motion Sketching for Control of Rigid-Body Simulations},
    journal      = {Transactions on Graphics},
    volume       = {22},
    number       = {4},
    year         = {2003}
}

@article {safonova:2004,
    author       = {Alla Safonova AND Jessica K. Hodgins AND Nancy S. Pollard},
    title        = {Synthesizing Physically Realistic Human Motion in Low-Dimensional, Behavior-Specific Spaces},
    journal      = {Transactions on Graphics (Proc.~SIGGRAPH 2004)},
    volume       = {23},
    number       = {3},
    year         = {2004}
}

@article {christie:2008,
    author       = {Marc Christie AND Patrick Olivier AND Jean-Marie Normand},
    title        = {Camera Control in Computer Graphics},
    journal      = {Computer Graphics Forum},
    volume       = {27},
    number       = {8},
    year         = {2008}
}

@article{singh:2009a,
    author       = {Amarjeet Singh AND Andreas Krause AND Carlos Guestrin AND William J. Kaiser},
    title        = {Efficient Informative Sensing using Multiple Robots},
    journal      = {Journal of Artificial Intelligence Research},
    volume       = {34},
    number       = {1},
    year         = {2009}
}

@article {verscheure:2009,
    author       = {Diederik Verscheure AND Bram Demeulenaere AND Jan Swevers AND Joris De Schutter AND Moritz Diehl},
    title        = {Time-Optimal Path Tracking for Robots: A Convex Optimization Approach},
    journal      = {Transactions on  Automatic Control},
    volume       = {54},
    number       = {10},
    year         = {2009}
}

@article{chen:2011,
    author       = {Shengyong Chen AND Youfu Li AND Ngai Ming Kwok},
    title        = {Active Vision in Robotic Systems: A Survey of Recent Developments},
    journal      = {International Journal of Robotics Research},
    volume       = {30},
    number       = {11},
    year         = {2011}
}

@article{yuksel:2011,
     author      = {Cem Yuksel AND Scott Schaefer AND John Keyser},
     title       = {Parameterization and Applications of {C}atmull-{R}om Curves},
     journal     = {Computer Aided Design},
     volume      = {43},
     number      = {7},
     year        = {2011}
}

@article{vansteenwegena:2011,
    author       = {Pieter Vansteenwegena AND Wouter Souffriaua AND Dirk Van Oudheusden},
    title        = {The orienteering problem: A survey},
    journal      = {European Journal of Operational Research},
    volume       = {209},
    number       = {1},
    year         = {2011}
}

@article{chamseddine:2012,
  title          = {Flatness-Based Trajectory Planning/Replanning for a Quadrotor Unmanned Aerial Vehicle},
  author         = {Abbas Chamseddine AND Youmin Zhang AND Camille Alain Rabbath AND Cedric Join AND Didier Theilliol},
  journal        = {Transactions on Aerospace and Electronic Systems},
  volume         = {48},
  number         = {4},
  year           = {2012}
}

@article{chekuri:2012,
    author       = {Chandra Chekuri AND Nitish Korula AND Martin Pal},
    title        = {Improved Algorithms for Orienteering and Related Problems},
    journal      = {Transactions on Algorithms},
    volume       = {8},
    number       = {3},
    year         = {2012}
}

@article{corsini:2012,
    author       = {Massimiliano Corsini AND Paolo Cignoni AND Roberto Scopigno},
    title        = {Efficient and Flexible Sampling with Blue Noise Properties of Triangular Meshes},
    journal      = {Transaction on Visualization and Computer Graphics},
    volume       = {18},
    number       = {6},
    year         = {2012}
}

@article{davis:2012,
    author       = {Abe Davis AND Marc Levoy AND Fredo Durand},
    title        = {Unstructured Light Fields},
    journal      = {Computer Graphics Forum (Proc.~Eurographics 2012)},
    volume       = {31},
    number       = {2, Part 1},
    year         = {2012}
}

@article{geijtenbeek:2012,
  title          = {Interactive Character Animation Using Simulated Physics: A State-of-the-Art Review},
  author         = {T. Geijtenbeek AND  N. Pronost},
  journal        = {Computer Graphics Forum},
  volume         = {31},
  number         = {8},
  year           = {2012}
}

@article{kumar:2012,
  title          = {Opportunities and Challenges with Autonomous Micro Aerial Vehicles},
  author         = {Vijay Kumar AND Nathan Michael},
  journal        = {International Journal of Robotics Research},
  volume         = {31},
  number         = {11},
  year           = {2012}
}

@article{meier:2012,
  title          = {{PIXHAWK}: A Micro Aerial Vehicle Design for Autonomous Flight Using Onboard Computer Vision},
  author         = {Lorenz Meier AND Petri Tanskanen AND Lionel Heng AND Gim Hee Lee AND Friedrich Fraundorfer AND Marc Pollefeys},
  journal        = {Autonomous Robots},
  volume         = {33},
  number         = {1--2},
  year           = {2012}
}

@article{michael:2012,
    author       = {Nathan Michael AND Shaojie Shen AND Kartik Mohta AND Yash Mulgaonkar AND Vijay Kumar AND Keiji Nagatani AND Yoshito Okada AND Seiga Kiribayashi AND Kazuki Otake AND Kazuya Yoshida AND Kazunori Ohno AND Eijiro Takeuchi AND Satoshi Tadokoro},
    title        = {Collaborative Mapping of an Earthquake-Damaged Building via Ground and Aerial Robots},
    journal      = {Journal of Field Robotics},
    volume       = {29},
    number       = {5},
    year         = {2012}
}

@article{schmid:2012,
    author       = {Korbinian Schmid AND Heiko Hirschmuller AND Andreas Domel AND Iris Grixa AND Michael Suppa AND Gerd Hirzinger},
    title        = {View Planning for Multi-View Stereo {3D} Reconstruction Using an Autonomous Multicopter},
    journal      = {Journal of Intelligent \& Robotic Systems},
    volume       = {65},
    number       = {1},
    year         = {2012}
} 

@article{galceran:2013,
    author       = {Enric Galceran AND Marc Carreras},
    title        = {A Survey of Coverage Path Planning for Robotics},
    journal      = {Robotics and Autonomous Systems},
    volume       = {61},
    number       = {12},
    year         = {2013}
}

@article{hollinger:2013,
    author       = {Geoffrey A. Hollinger AND Brendan Englot AND Franz S. Hover AND Urbashi Mitra AND Gaurav S. Sukhatme},
    title        = {Active Planning for Underwater Inspection and the Benefit of Adaptivity},
    journal      = {International Journal of Robotics Research},
    volume       = {32},
    number       = {1},
    year         = {2013}
} 

@article{hornung:2013,
    author       = {Armin Hornung AND Kai M. Wurm AND Maren Bennewitz AND Cyrill Stachniss AND Wolfram Burgard},
    title        = {{OctoMap}: An Efficient Probabilistic {3D} Mapping Framework Based on Octrees},
    journal      = {Autonomous Robots},
    volume       = {34},
    number       = {3},
    year         = {2013}
}

@article{hsu:2013,
    author       = {Wei-Hsien Hsu AND Yubo Zhang AND Kwan-Liu Ma},
    title        = {A Multi-Criteria Approach to Camera Motion Design for Volume Data Animation},
    journal      = {Transactions on Visualization and Computer Graphics (Proc.~SciVis 2013)},
    volume       = {19},
    number       = {12},
    year         = {2013}
}

@article{kazhdan:2013,
    author       = {Michael Kazhdan AND Hugues Hoppe},
    title        = {Screened {Poisson} Surface Reconstruction},
    journal      = {Transactions on Graphics},
    volume       = {32},
    number       = {3},
    year         = {2013}
}

@article{kondak:2013,
    author       = {Konstantin Kondak AND Kai Krieger AND Alin Albu-Schaeffer AND Marc Schwarzbach AND Maximilian Laiacker AND Ivan Maza AND Angel Rodriguez-Castano AND Anibal Ollero},
    journal      = {International Journal of Advanced Robotic Systems},
    title        = {Closed-Loop Behavior of an Autonomous Helicopter Equipped with a Robotic Arm for Aerial Manipulation Tasks}, 
    volume       = {10},
    number       = {145},
    year         = {2013}
}

@article{letchford:2013,
    author       = {Adam N. Letchford AND Saeideh D. Nasirib AND Dirk Oliver Theis},
    title        = {Compact formulations of the {Steiner} Traveling Salesman Problem and related problems},
    journal      = {European Journal of Operational Research},
    volume       = {228},
    number       = {1},
    year         = {2013}
}

@article{mavrinac:2013,
    author       = {Aaron Mavrinac AND Xiang Chen},
    title        = {Modeling Coverage in Camera Networks: A Survey},
    journal      = {IJCV},
    volume       = {101},
    number       = {1},
    year         = {2013}
}

@article{faulwasser:2014,
    author       = {Timm Faulwasser AND Veit Hagenmeyer AND Rolf Findeisenc},
    journal      = {Automatica},
    title        = {Constrained Reachability and Trajectory Generation for Flat Systems},
    volume       = {50},
    number       = {4},
    year         = {2014}
}

@article{heng:2014,
    author       = {Lionel Heng AND Dominik Honegger AND Gim Hee Lee AND Lorenz Meier AND Petri Tanskanen AND Friedrich Fraundorfer AND Marc Pollefeys},
    title        = {Autonomous Visual Mapping and Exploration With a Micro Aerial Vehicle},
    journal      = {Journal of Field Robotics},
    volume       = {31},
    number       = {4},
    year         = {2014}
}

@article{lipp:2014,
    author       = {Thomas Lipp AND Stephen Boyd},
    journal      = {International Journal of Control},
    title        = {Minimum-Time Speed Optimisation over a Fixed Path},
    volume       = {87},
    number       = {6},
    year         = {2014}
}

@article{wu:2014,
    author       = {Shihao Wu AND Wei Sun AND Pinxin Long AND Hui Huang AND Daniel Cohen-Or AND Minglun Gong AND Oliver Deussen AND Baoquan Chen},
    title        = {Quality-Driven {Poisson}-Guided Autoscanning},
    journal      = {Transactions on Graphics (Proc.~SIGGRAPH Asia 2014)},
    volume       = {33},
    number       = {6},
    year         = {2014}
}

@article{bry:2015,
    author       = {Adam Bry AND Charles Richter AND Abraham Bachrach AND Nicholas Roy},
    title        = {Aggressive Flight of Fixed-Wing and Quadrotor Aircraft in Dense Indoor Environments},
    journal      = {International Journal of Robotics Research},
    volume       = {34},
    number       = {7},
    year         = {2015}
}

@article{fuhrmann:2015,
    author       = {Simon Fuhrmann AND Fabian Langguth AND Nils Moehrle AND Michael Waechter AND Michael Goesele},
    title        = {{MVE}-{An} Image-based Reconstruction Environment},
    journal      = {Computer Graphics Forum},
    volume       = {53},
    number       = {Part A},
    year         = {2015}
}

@article{ghanem:2015,
    author       = {Bernard Ghanem AND Yuanhao Cao AND Peter Wonka},
    title        = {Designing Camera Networks by Convex Quadratic Programming},
    journal      = {Computer Graphics Forum (Proc.~Eurographics 2015)},
    volume       = {34},
    number       = {2},
    year         = {2015}
}

@article{joubert:2015,
    author       = {Niels Joubert AND Mike Roberts AND Anh Truong AND Floraine Berthouzoz AND Pat Hanrahan},
    title        = {An Interactive Tool for Designing Quadrotor Camera Shots},
    journal      = {Transactions on Graphics (Proc.~SIGGRAPH Asia 2015)},
    volume       = {34},
    number       = {6},
    year         = {2015}
}

@article{aanaes:2016,
    author       = {Henrik Aan{\ae}s AND Rasmus Ramsb{\o}l Jensen AND George Vogiatzis AND Engin Tola AND Anders Bjorholm Dahl},
    title        = {Large-Scale Data for Multiple-View Stereopsis},
    journal      = {IJCV},
    volume       = {120},
    number       = {2},
    year         = {2016}
}

@article{cvxpy:2016,
    author  = {Steven Diamond and Stephen Boyd},
    title   = {{CVXPY}: A {P}ython-Embedded Modeling Language for Convex Optimization},
    journal = {Journal of Machine Learning Research},
    volume  = {17},
    number  = {83},
    year    = {2016},
}

@article{fan:2016,
    author       = {Xinyi Fan AND Linguang Zhang AND Benedict Brown AND Szymon Rusinkiewicz},
    title        = {Automated View and Path Planning for Scalable Multi-Object {3D} Scanning},
    journal      = {Transactions on Graphics (Proc.~SIGGRAPH Asia 2016)},
    volume       = {35},
    number       = {6},
    year         = {2016}
}

@article{gunawan:2016,
    author       = {Aldy Gunawan AND Hoong Chuin Laua AND Pieter Vansteenwegenb},
    title        = {Orienteering Problem: A Survey of Recent Variants, Solution Approaches and Applications},
    journal      = {European Journal of Operational Research},
    volume       = {255},
    number       = {2},
    year         = {2016}
}

@article{roberts:2016,
    author  = {Mike Roberts AND Pat Hanrahan},
    title   = {Generating Dynamically Feasible Trajectories for Quadrotor Cameras},
    journal = {ACM Transactions on Graphics (Proc.~SIGGRAPH 2016)},
    volume  = {35},
    number  = {4},
    year    = {2016}
}

@article{knapitsch:2017,
    author       = {Arno Knapitsch AND Jaesik Park AND Qian-Yi Zhou AND Vladlen Koltun},
    title        = {Tanks and Temples: Benchmarking Large-Scale Scene Reconstruction},
    journal      = {Transactions on Graphics (Proc.~SIGGRAPH 2017)},
    volume       = {36},
    number       = {4},
    year         = {2017}
}

@article{waechter:2017,
    author       = {Michael Waechter AND Mate Beljan AND Simon Fuhrmann AND Nils Moehrle AND Johannes Kopf AND Michael Goesele},
    title        = {Virtual Rephotography: Novel View Prediction Error for {3D} Reconstruction},
    journal      = {Transactions on Graphics},
    volume       = {36},
    number       = {1},
    year         = {2017}
}



@inproceedings{catmull:1974,
    author       = {Ed Catmull AND Raphael Rom},
    title        = {A Class of Local Interpolating Splines},
    booktitle    = {Computer Aided Geometric Design 1974}
} 

@inproceedings{lasseter:1987,
    author       = {John Lasseter},
    title        = {Principles of Traditional Animation Applied to {3D} Computer Animation},
    booktitle    = {SIGGRAPH 1987}
}

@inproceedings{witkins:1988,
    author       = {A. Witkins AND M. Kass},
    title        = {Spacetime Constraints},
    booktitle    = {SIGGRAPH 1988},
    year         = {1988}
}

@inproceedings{chekuri:2005,
    author       = {Chandra Chekuri AND Martin Pal},
    title        = {A Recursive Greedy Algorithm for Walks in Directed Graphs},
    booktitle    = {Foundations of Computer Science (FOCS) 2005}
}

@inproceedings{mccann:2006,
    author       = {J. McCann AND N. S. Pollard AND S. Srinivasa},
    title        = {Physics-Based Motion Retiming},
    booktitle    = {SCA 2006}
}

@inproceedings{cowling:2007,
    author       = {Ian D. Cowling AND Oleg A. Yakimenko AND James F. Whidborne AND Alastair K. Cooke},
    title        = {A Prototype of an Autonomous Controller for a Quadrotor {UAV}},
    booktitle    = {European Conference on Control (ECC) 2007}
}

@inproceedings{wang:2007,
    author       = {Pengpeng Wang AND Ramesh Krishnamurti† AND Kamal Gupta},
    title        = {View Planning Problem with Combined View and Traveling Cost},
    booktitle    = {International Conference on Robotics and Automation (ICRA) 2007}
}

@inproceedings{bouktir:2008,
    author       = {Y. Bouktir AND M. Haddad AND T. Chettibi},
    title        = {A Prototype of an Autonomous Controller for a Quadrotor {UAV}},
    booktitle    = {Mediterranean Conference on Control and Automation 2008}
}

@inproceedings{cignoni:2008,
    author       = {P. Cignoni AND M. Callieri AND M. Corsini AND M. Dellepiane AND F. Ganovelli AND G. Ranzuglia},
    title        = {{MeshLab}: An Open-Source Mesh Processing Tool},
    booktitle    = {Sixth Eurographics Italian Chapter Conference 2008}
}

@inproceedings{hornung:2008,
    author       = {Alexander Hornung AND Boyi Zeng AND Leif Kobbelt},
    title        = {Image Selection for Improved Multi-View Stereo},
    booktitle    = {CVPR 2008}
}

@inproceedings{dunn:2009a,
    author       = {Enrique Dunn AND Jur van den Berg AND Jan-Michael Frahm},
    title        = {Developing Visual Sensing Strategies through Next Best View Planning},
    booktitle    = {Intelligent Robots and Systems (IROS) 2009}
}

@inproceedings{dunn:2009b,
    author       = {Enrique Dunn AND Jan-Michael Frahm},
    title        = {Next Best View Planning for Active Model Improvement},
    booktitle    = {Intelligent Robots and Systems (IROS) 2009}
}

@inproceedings{oskam:2009,
    author       = {Thomas Oskam AND Robert W. Sumner AND Nils Thuerey AND Markus Gross},
    title        = {Visibility Transition Planning for Dynamic Camera Control},
    booktitle    = {SCA 2009}
} 

@inproceedings{singh:2009b,
    author       = {Amarjeet Singh AND Andreas Krause AND William J. Kaiser},
    title        = {Nonmyopic Adaptive Informative Path Planning for Multiple Robots},
    booktitle    = {International Joint Conference on Artifical Intelligence (IJCAI) 2009}
}

@inproceedings{mellinger:2010,
    author       = {D. Mellinger AND N. Michael AND V. Kumar},
    title        = {Trajectory Generation and Control for Precise Aggressive Maneuvers with Quadrotors},
    booktitle    = {International Symposium on Experimental Robotics (ISER) 2010}
}

@inproceedings{hehn:2011,
    author       = {Hehn, M. and D'Andrea, R.}, 
    title        = {A Flying Inverted Pendulum}, 
    booktitle    = {International Conference on Robotics and Automation (ICRA) 2011}
}

@inproceedings{heng:2011,
    author       = {Lionel Heng AND Gim Hee Lee AND Friedrich Fraundorfer AND Marc Pollefeys},
    title        = {Real-Time Photo-Realistic {3D} Mapping for Micro Aerial Vehicles},
    booktitle    = {Intelligent Robots and Systems (IROS) 2011}
}

@inproceedings{krainin:2011,
    author       = {Michael Krainin AND Brian Curless AND Dieter Fox},
    title        = {Autonomous Generation of Complete {3D} Object Models using Next Best View Manipulation Planning},
    booktitle    = {International Conference on Robotics and Automation (ICRA) 2011}
}

@inproceedings{mellinger:2011,
    author       = {Daniel Mellinger AND Vijay Kumar},
    title        = {Minimum Snap Trajectory Generation and Control for Quadrotors}, 
    booktitle    = {International Conference on Robotics and Automation (ICRA) 2011}
}

@inproceedings{teuliere:2011,
    author       = {Celine Teuliere AND Laurent Eck AND Eric Marchand},
    title        = {Chasing a Moving Target from a Flying {UAV}}, 
    booktitle    = {Intelligent Robots and Systems (IROS) 2011}
}

@inproceedings{wu:2011a,
    author       = {Changchang Wu AND Sameer Agarwal AND Brian Curless AND Steven M. Seitz},
    title        = {Multicore Bundle Adjustment},
    booktitle    = {CVPR 2011}
}

@inproceedings{hoppe:2012,
    author       = {Christof Hoppe AND Andreas Wendel AND Stefanie Zollmann AND Katrin Pirker AND Arnold Irschara AND Horst Bischof AND Stefan Kluckner},
    title        = {Photogrammetric Camera Network Design for Micro Aerial Vehicles},
    booktitle    = {Computer Vision Winter Workshop 2012}
}

@inproceedings{lipiello:2012,
    author       = {Vincenzo Lippiello AND Fabio Ruggiero},
    title        = {Exploiting Redundancy in Cartesian Impedance Control of {UAV}s Equipped with a Robotic Arm},
    booktitle    = {Intelligent Robots and Systems (IROS) 2012}
} 

@inproceedings{ritz:2012,
    author       = {R. Ritz AND M. Mueller AND R. D'Andrea},
    title        = {Cooperative Quadrocopter Ball Throwing and Catching},
    booktitle    = {Intelligent Robots and Systems (IROS) 2012}
}

@inproceedings{shen:2012,
    author       = {Shaojie Shen AND Nathan Michael AND Vijay Kumar},
    title        = {Autonomous Indoor {3D} Exploration with a Micro-Aerial Vehicle},
    booktitle    = {International Conference on Robotics and Automation (ICRA) 2012}
}

@inproceedings{wendel:2012,
    author       = {Andreas Wendel AND Michael Maurer AND Gottfried Graber AND Thomas Pock AND Horst Bischof},
    title        = {Dense Reconstruction On-the-Fly},
    booktitle    = {CVPR 2012}
}

@inproceedings{brescianini:2013,
    author       = {D. Brescianini AND M. Hehn AND R. D'Andrea}, 
    title        = {Quadrocopter Pole Acrobatics}, 
    booktitle    = {Intelligent Robots and Systems (IROS) 2013}
}

@inproceedings{iyer:2013,
    author       = {Rishabh Iyer AND Stefanie Jegelka AND Jeff Bilmes},
    title        = {Fast Semidifferential-based Submodular Function Optimization},
    booktitle    = {International Conference of Machine Learning (ICML) 2013}
}

@inproceedings{iyer:2013a,
    author       = {Rishabh Iyer AND Stefanie Jegelka AND Jeff Bilmes},
    title        = {Fast Semidifferential-based Submodular Function Optimization},
    booktitle    = {ICML 2013}
}

@inproceedings{iyer:2013b,
    author       = {Rishabh Iyer AND Jeff Bilmes},
    title        = {Submodular Optimization with Submodular Cover and Submodular Knapsack Constraints},
    booktitle    = {NIPS 2013}
}

@inproceedings{kim:2013,
    author       = {Suseong Kim AND Seungwon Choi AND H. Jin Kim},
    title        = {Aerial Manipulation Using a Quadrotor with a Two {DOF} Robotic Arm},
    booktitle    = {Intelligent Robots and Systems (IROS) 2013}
} 

@inproceedings{mellinger:2013,
    author       = {Daniel Mellinger AND Michael Shomin AND Nathan Michael AND Vijay Kumar},
    title        = {Cooperative Grasping and Transport Using Multiple Quadrotors},
    booktitle    = {Distributed Autonomous Robotic Systems (DARS) 2013}
}

@inproceedings{richter:2013,
    author       = {Charles Richter AND Adam Bry AND Nicholas Roy}, 
    title        = {Polynomial Trajectory Planning for Aggressive Quadrotor Flight in Dense Indoor Environments},
    booktitle    = {International Symposium of Robotics Research (ISRR) 2013}
}

@inproceedings{sturm:2013,
    author       = {J. Sturm AND E. Bylow AND F. Kahl AND D. Cremers},
    title        = {Dense Tracking and Mapping with a Quadrocopter},
    booktitle    = {Unmanned Aeriel Vehicles in Geomatics 2013}
}

@inproceedings{vanloock:2013,
    author       = {Wannes {Van Loock} AND Goele Pipeleers AND Jan Swevers}, 
    title        = {Time-Optimal Quadrotor Flight},
    booktitle    = {European Control Conference (ECC) 2013}
}

@inproceedings{wu:2013,
    author       = {Changchang Wu},
    title        = {Towards Linear-time Incremental Structure From Motion},
    booktitle    = {3DV 2013}
}

@inproceedings{mauro:2014a,
    author       = {Massimo Mauro AND Hayko Riemenschneider AND Alberto Signoroni AND Riccardo Leonardi AND Luc Van Gool},
    title        = {An Integer Linear Programming Model for View Selection on Overlapping Camera Clusters},
    booktitle    = {3DV 2014}
}

@inproceedings{mauro:2014b,
    author       = {Massimo Mauro AND Hayko Riemenschneider AND Luc Van Gool AND Alberto Signoroni AND Riccardo Leonardi},
    title        = {A Unified Framework for Content-Aware View Selection and Planning through View Importance},
    booktitle    = {BMVC 2014}
}

@inproceedings{srikanth:2014,
    author       = {Manohar Srikanth AND Kavita Bala AND Fr{\'e}do Durand},
    title        = {Computational Rim Illumination with Aerial Robots},
    booktitle    = {Computational Aesthetics (CAe) 2014}
} 

@inproceedings{waechter:2014,
    author       = {Michael Waechter AND Nils Moehrle AND Michael Goesele},
    title        = {Let There Be Color! {Large}-Scale Texturing of {3D} Reconstructions},
    booktitle    = {ECCV 2014}
}

@inproceedings{yang:2014,
    author       = {Hyunsoo Yang AND Dongjun Lee},
    title        = {Dynamics and Control of Quadrotor with Robotic Manipulator},
    booktitle    = {International Conference on Robotics and Automation (ICRA) 2014},
}

@inproceedings{alexis:2015,
    author       = {Kostas Alexis AND Christos Papachristos AND Roland Siegwart AND Anthony Tzes},
    title        = {Uniform Coverage Structural Inspection Path-Planning for Micro Aerial Vehicles},
    booktitle    = {IEEE International Symposium on Intelligent Control 2015}
}

@inproceedings{bircher:2015,
    author       = {Andreas Bircher AND Kostas Alexis AND Michael Burri AND Philipp Oettershagen AND Sammy Omari AND Thomas Mantel AND Roland Siegwart},
    title        = {Structural Inspection Path Planning via Iterative Viewpoint Resampling with Application to Aerial Robotics},
    booktitle    = {International Conference on Robotics and Automation (ICRA) 2015}
}

@inproceedings{charrow:2015a,
    author       = {Benjamin Charrow AND Sikang Liu AND Vijay Kumar AND Nathan Michael},
    title        = {Information-Theoretic Mapping Using {Cauchy-Schwarz} Quadratic Mutual Information},
    booktitle    = {International Conference on Robotics and Automation (ICRA) 2015}
}

@inproceedings{charrow:2015b,
    author       = {Benjamin Charrow AND Gregory Kahn AND Sachin Patil AND Sikang Liu AND Ken Goldberg AND Pieter Abbeel AND Nathan Michael AND Vijay Kumar},
    title        = {Information-Theoretic Planning with Trajectory Optimization for Dense {3D} Mapping},
    booktitle    = {Robotics: Science and Systems (RSS) 2015}
}

@inproceedings{heng:2015,
    author       = {Lionel Heng AND Alkis Gotovos AND Andreas Krause AND Marc Pollefeys},
    title        = {Efficient Visual Exploration and Coverage with a Micro Aerial Vehicle in Unknown Environments},
    booktitle    = {International Conference on Robotics and Automation (ICRA) 2015}
}

@inproceedings{loianno:2015,
    author       = {Giuseppe Loianno AND Justin Thomas AND Vijay Kumar},
    title        = {Cooperative Localization and Mapping of {MAVs} using {RGB-D} Sensors},
    booktitle    = {International Conference on Robotics and Automation (ICRA) 2015}
}

@inproceedings{ruggiero:2015,
    author       = {F. Ruggiero AND M.A. Trujillo AND R. Cano AND H. Ascorbe AND A. Viguria AND C. Perez AND V. Lippiello AND A. Ollero AND B. Siciliano},
    title        = {A Multilayer Control for Multirotor {UAV}s Equipped with a Servo Robot Arm},
    booktitle    = {International Conference on Robotics and Automation (ICRA) 2015}
}

@inproceedings{deits:2015,
    author       = {Robin Deits AND Russ Tedrake},
    title        = {Efficient Mixed-Integer Planning for {UAV}s in Cluttered Environments},
    booktitle    = {International Conference on Robotics and Automation (ICRA) 2015}
}

@inproceedings{bircher:2016,
    author       = {Andreas Bircher AND Mina Kamel AND Kostas Alexis AND Helen Oleynikova AND Roland Siegwart},
    title        = {Receding Horizon ``Next-Best-View'' Planner for {3D} Exploration},
    booktitle    = {International Conference on Robotics and Automation (ICRA) 2016}
}

@inproceedings{gebhardt:2016,
    author       = {C. Gebhardt AND B. Hepp AND T. Nageli AND S. Stevsic AND O. Hilliges},
    title        = {Airways: Optimization-Based Planning of Quadrotor Trajectories according to High-Level User Goals},
    booktitle    = {CHI 2016}
}

@inproceedings{mostegel:2016,
    author       = {Christian Mostegel AND Markus Rumpler AND Friedrich Fraundorfer AND Horst Bischof},
    title        = {{UAV}-Based Autonomous Image Acquisition with Multi-View Stereo Quality Assurance by Confidence Prediction},
    booktitle    = {CVPR Workshop on Computer Vision in Vehicle Technology 2016}
}

@inproceedings{zhang:2016,
    author       = {Haifeng Zhang AND Yevgeniy Vorobeychik},
    title        = {Submodular Optimization with Routing Constraints},
    booktitle    = {Conference on Artificial Intelligence (AAAI) 2016}
}

@inproceedings{choudhury:2017,
  author    = {Sanjiban Choudhury AND Ashish Kapoor AND Gireeja Ranade AND Debadeepta Dey},
  title     = {Learning to Gather Information via Imitation},
  booktitle = {International Conference on Robotics and Automation (ICRA) 2017}
}

@inproceedings{roberts:2017,
    author    = {Mike Roberts AND Debadeepta Dey AND Anh Truong AND Sudipta Sinha AND Shital Shah AND Ashish Kapoor AND Pat Hanrahan AND Neel Joshi},
    title     = {Submodular Trajectory Optimization for Aerial {3D} Scanning},
    booktitle = {ICCV 2017}
}



@misc{usgs:2001,
    author       = {{U.S. Geological Survey}},
    title        = {The Universal Transverse Mercator ({UTM}) Grid Fact Sheet 077-01},
    year         = {2001}
}

@misc{diebel:2006,
    author       = {James Diebel},
    title        = {Representing Attitude: Euler Angles, Unit Quaternions, and Rotation Vectors},
    year         = {2006}
}

@misc{wu:2007,
    author       = {Changchang Wu},
    title        = {{SiftGPU}: A {GPU} implementation of Scale Invaraint Feature Transform ({SIFT})},
    howpublished = {\url{http://cs.unc.edu/~ccwu/siftgpu}},
    year         = {2007}
}

@misc{boyd:2008,
    author       = {Steven Boyd},
    title        = {Convex Optimization {II} (Course Notes for {Stanford EE364b})},
    howpublished = {\url{http://stanford.edu/class/ee364b}},
    year         = {2008}
}

@misc{wu:2011b,
    author       = {Changchang Wu},
    title        = {{VisualSFM}: A Visual Structure from Motion System},
    howpublished = {\url{http://ccwu.me/vsfm}},
    year         = {2011}
}

@misc{devert:2012,
    author       = {Alexandre Devert},
    title        = {Spreading Points on a Disc and on a Sphere},
    howpublished = {\url{http://blog.marmakoide.org/?p=1}},
    year         = {2012}
}

@misc{andersen:2014,
    author       = {M. S. Andersen AND J. Dahl AND L. Vandenberghe},
    title        = {{CVXOPT}: A Python Package for Convex Optimization, version 1.1.7},
    howpublished = {\url{http://cvxopt.org}},
    year         = {2014}
}

@misc{nyt:2014,
    author       = {Brooks Barnes},
    title        = {Drone Exemptions for Hollywood Pave the Way for Widespread Use},
    howpublished = {New York Times},
    year         = {September 25 2014}
}

@misc{sympy:2014,
    author       = {{SymPy}},
    title        = {{SymPy}: Python Library for Symbolic Mathematics},
    howpublished = {\url{http://www.sympy.org}},
    year         = {2014}
}

@misc{pix4d:2015,
    author       = {{Pix4D}},
    title        = {Projeto Redentor White Paper},
    year         = {2015}
}

@misc{wsj:2015,
    author       = {Ellen Gamerman},
    title        = {Drones Invade Hollywood},
    howpublished = {Wall Street Journal},
    year         = {March 26 2015}
}

@misc{qiu:2016,
    author       = {Weichao Qiu AND Alan Yuille},
    title        = {{UnrealCV}: Connecting Computer Vision to {Unreal Engine}},
    howpublished = {arXiv},
    year         = {2016}
}

@misc{stumberg:2016,
    author       = {Lukas von Stumberg AND Vladyslav Usenko AND Jakob Engel AND Jorg Stuckler AND Daniel Cremers},
    title        = {Autonomous Exploration with a Low-Cost Quadrocopter using Semi-Dense Monocular {SLAM}},
    howpublished = {arXiv},
    year         = {2016}
}

@misc{tedrake:2016,
    author       = {Russ Tedrake},
    title        = {Underactuated Robotics: Algorithms for Walking, Running, Swimming, Flying, and Manipulation (Course Notes for {MIT} 6.832)},
    howpublished = {\url{http://undreactuated.mit.edu}},
    year         = {2016}
}

@misc{duke:2017,
    author       = {{Duke Marine Robotics \& Remote Sensing}},
    title        = {Highlights from Antarctica Research},
    howpublished = {\url{http://sites.nicholas.duke.edu/uas/highlights-from-antarctica-research}},
    year         = {2017}
}

@misc{faa:2017,
    author       = {{Federal Aviation Administration}},
    title        = {{FAA} Aerospace Forecasts (Fiscal Years 2017 -- 2037)},
    year         = {2017}
}

@misc{indivisible:2017,
    author       = {{Indivisible Movement}},
    title        = {A Drone’s-Eye View of Corruption in Russia},
    howpublished = {Medium},
    year         = {March 3 2017}
}

@misc{sorkine:2017,
    author       = {Olga Sorkine-Hornung AND Michael Rabinovich},
    title        = {Least-Squares Rigid Motion Using {SVD}},
    year         = {2017}
}



@misc{ublox:2013,
    author       = {{u-blox}},
    title        = {{LEA-6}: u-blox 6 {GPS} Modules. {u-blox} Data Sheet {UBX}-14044797},
    year         = {2013}
}

@misc{3dr_iris_p:2014,
    author       = {{3D Robotics}},
    title        = {{IRIS+}},
    howpublished = {\url{http://3drobotics.com/iris/}},
    year         = {2014}
}

@misc{apm:2015,
    author       = {{APM}},
    title        = {{APM Autopilot Suite}},
    howpublished = {\url{http://ardupilot.com/}},
    year         = {2015}
}

@misc{3drobotics:2015,
    author       = {{3D Robotics}},
    title        = {{Solo}},
    howpublished = {\url{http://3drobotics.com/solo/}},
    year         = {2015}
}

@misc{dji:2015,
    author       = {{DJI}},
    title        = {{DJI Ground Station}},
    howpublished = {\url{http://www.dji.com/product/pc-ground-station}},
    year         = {2015}
}

@misc{dji:2015a,
    author       = {{DJI}},
    title        = {{DJI Go}},
    howpublished = {\url{http://www.dji.com/product/goapp}},
    year         = {2015}
}

@misc{3dr:2017a,
    author       = {{3D Robotics}},
    title        = {{Site Scan}},
    howpublished = {\url{http://3dr.com}},
    year         = {2017}
}

@misc{3dr:2017b,
    author       = {{3D Robotics}},
    title        = {{Solo}},
    howpublished = {\url{https://3dr.com/solo-drone}},
    year         = {2017}
}

@misc{cloudcompare:2017,
    author       = {{CloudCompare}},
    title        = {{CloudCompare}},
    howpublished = {\url{http://www.cloudcompare.com}},
    year         = {2017}
}

@misc{gurobi:2017,
    author       = {{Gurobi}},
    title        = {{Gurobi Optimizer}},
    howpublished = {\url{http://www.gurobi.com}},
    year         = {2017}
}

@misc{pix4d:2017a,
    author       = {{Pix4D}},
    title        = {{Pix4Dcapture}},
    howpublished = {\url{http://pix4d.com/product/pix4dcapture}},
    year         = {2017}
}

@misc{pix4d:2017b,
    author       = {{Pix4D}},
    title        = {{Pix4Dmapper Pro}},
    howpublished = {\url{http://pix4d.com/product/pix4dmapper-pro}},
    year         = {2017}
}

@misc{epic:2017a,
    author       = {{Epic Games}},
    title        = {{Unreal Engine}},
    howpublished = {\url{http://www.unrealengine.com}},
    year         = {2017}
}

@misc{epic:2017b,
    author       = {{Epic Games}},
    title        = {{Infinity Blade: Grass Lands}},
    howpublished = {\url{http://www.unrealengine.com/marketplace/infinity-blade-plain-lands}},
    year         = {2017}
}
